%% This BibTeX bibliography file was created using BibDesk.
%% http://bibdesk.sourceforge.net/


%% Created for Mikael Harkjær Møller at 2013-09-04 22:57:46 +0200 


%% Saved with string encoding Unicode (UTF-8) 



@incollection{brauer89,
	Author = {Brauer, Wilfried and Gold, Robert and Vogler, Walter},
	Booktitle = {Advances in Petri Nets 1990},
	Date-Added = {2013-08-28 10:04:40 +0000},
	Date-Modified = {2013-08-28 10:04:40 +0000},
	Doi = {10.1007/3-540-53863-1_19},
	Editor = {Rozenberg, Grzegorz},
	Isbn = {978-3-540-53863-9},
	Keywords = {Concurrent system; top-down design; Petri net; place/transition net; refinement; liveness; safeness; deadlocking; failures semantics; partial order semantics; interval order; history preserving bisimulation},
	Pages = { 1 -- 46 },
	Publisher = {Springer Berlin Heidelberg},
	Series = {Lecture Notes in Computer Science},
	Title = {A survey of behaviour and equivalence preserving refinements of petri nets},
	Url = {http://dx.doi.org/10.1007/3-540-53863-1_19},
	Volume = {483},
	Year = {1991},
	Bdsk-Url-1 = {http://dx.doi.org/10.1007/3-540-53863-1_19}}

@article{BCD02,
	Acmid = {606614},
	Address = {New York, NY, USA},
	Author = {Bernardo, Marco and Ciancarini, Paolo and Donatiello, Lorenzo},
	Date-Added = {2013-08-28 10:04:40 +0000},
	Date-Modified = {2013-08-28 10:04:40 +0000},
	Doi = {10.1145/606612.606614},
	Issn = {1049-331X},
	Issue_Date = {October 2002},
	Journal = {ACM Trans. Softw. Eng. Methodol.},
	Keywords = {Architectural mismatch detection, architectural styles, process algebras, software architectures},
	Month = oct,
	Number = {4},
	Numpages = {41},
	Pages = { 386 -- 426 },
	Publisher = {ACM},
	Title = {Architecting families of software systems with process algebras},
	Url = {http://doi.acm.org/10.1145/606612.606614},
	Volume = {11},
	Year = {2002},
	Bdsk-Url-1 = {http://doi.acm.org/10.1145/606612.606614},
	Bdsk-Url-2 = {http://dx.doi.org/10.1145/606612.606614}}

@incollection{haddad-et-al-2013,
	Author = {Haddad, Serge and Hennicker, Rolf and M{\o}ller, Mikael H.},
	Booktitle = {Application and Theory of Petri Nets and Concurrency},
	Date-Added = {2013-08-28 10:04:40 +0000},
	Date-Modified = {2013-09-04 20:57:37 +0000},
	Doi = {10.1007/978-3-642-38697-8_20},
	Editor = {Colom, Jos{\'e}-Manuel and Desel, J{\"o}rg},
	Isbn = {978-3-642-38696-1},
	Orgurl = {http://dx.doi.org/10.1007/978-3-642-38697-8_20},
	Pages = { 369 -- 388 },
	Publisher = {Springer Berlin Heidelberg},
	Series = {Lecture Notes in Computer Science},
	Title = {Channel Properties of Asynchronously Composed Petri Nets},
	Volume = {7927},
	Year = {2013},
	Bdsk-Url-1 = {http://dx.doi.org/10.1007/978-3-642-38697-8_20}}

@techreport{TechReportVersion,
	Author = {S. Haddad and R. Hennicker and M. H. M{\o}ller.},
	Date-Added = {2013-08-28 10:04:40 +0000},
	Date-Modified = {2013-09-04 20:57:21 +0000},
	Institution = {Laboratoire Sp\'ecification et V\'erification,ENS Cachan, France},
	Key = {Research Report LSV-13-05},
	Number = {Research Report LSV-13-05},
	Title = {Channel Properties of Asynchronously Composed Petri Nets},
	Year = {2013}}

@article{schafer07,
	Author = {Mark Sch{\"a}fer and Walter Vogler},
	Bibsource = {DBLP, http://dblp.uni-trier.de},
	Date-Added = {2013-08-28 10:04:40 +0000},
	Date-Modified = {2013-08-28 10:04:40 +0000},
	Doi = {10.1016/j.tcs.2007.08.005},
	Journal = {Theor. Comput. Sci.},
	Number = {1-3},
	Pages = {243 -- 266},
	Title = {Component refinement and CSC-solving for STG decomposition},
	Volume = {388},
	Year = {2007},
	Bdsk-Url-1 = {http://dx.doi.org/10.1016/j.tcs.2007.08.005}}

@incollection{ganty07,
	Author = {Ganty, Pierre and Raskin, Jean-Fran\c{c}ois and Begin, Laurent},
	Booktitle = {Petri Nets and Other Models of Concurrency -- ICATPN 2007},
	Date-Added = {2013-08-28 10:04:40 +0000},
	Date-Modified = {2013-08-28 10:04:40 +0000},
	Doi = {10.1007/978-3-540-73094-1_10},
	Editor = {Kleijn, Jetty and Yakovlev, Alex},
	Isbn = {978-3-540-73093-4},
	Pages = {124 -- 143},
	Publisher = {Springer Berlin Heidelberg},
	Series = {Lecture Notes in Computer Science},
	Title = {From Many Places to Few: Automatic Abstraction Refinement for Petri Nets},
	Url = {http://dx.doi.org/10.1007/978-3-540-73094-1_10},
	Volume = {4546},
	Year = {2007},
	Bdsk-Url-1 = {http://dx.doi.org/10.1007/978-3-540-73094-1_10}}

@incollection{BK12,
	Author = {Bene\v{s}, Nikola and K\v{r}et\'{i}nsk\'{y}, Jan},
	Booktitle = {Theoretical Aspects of Computing -- ICTAC 2012},
	Date-Added = {2013-08-28 10:04:40 +0000},
	Date-Modified = {2013-08-28 10:04:40 +0000},
	Doi = {10.1007/978-3-642-32943-2_9},
	Editor = {Roychoudhury, Abhik and D'Souza, Meenakshi},
	Isbn = {978-3-642-32942-5},
	Pages = {120 -- 135},
	Publisher = {Springer Berlin Heidelberg},
	Series = {Lecture Notes in Computer Science},
	Title = {Modal Process Rewrite Systems},
	Url = {http://dx.doi.org/10.1007/978-3-642-32943-2_9},
	Volume = {7521},
	Year = {2012},
	Bdsk-Url-1 = {http://dx.doi.org/10.1007/978-3-642-32943-2_9}}

@article{Jancar95,
	Author = {Petr Jancar},
	Bibsource = {DBLP, http://dblp.uni-trier.de},
	Date-Added = {2013-08-28 10:04:40 +0000},
	Date-Modified = {2013-08-28 10:04:40 +0000},
	Doi = {10.1016/0304-3975(95)00037-W},
	Journal = {Theororetical Computer Science},
	Number = {2},
	Pages = {281 -- 301},
	Title = {Undecidability of Bisimilarity for Petri Nets and Some Related Problems},
	Volume = {148},
	Year = {1995},
	Bdsk-Url-1 = {http://dx.doi.org/10.1016/0304-3975(95)00037-W}}

@inproceedings{Kindler97,
	Author = {Ekkart Kindler},
	Bibsource = {DBLP, http://dblp.uni-trier.de},
	Booktitle = {ICATPN},
	Crossref = {DBLP:conf/apn/1997},
	Date-Added = {2013-08-27 18:37:18 +0000},
	Date-Modified = {2013-08-27 18:37:18 +0000},
	Ee = {http://dx.doi.org/10.1007/3-540-63139-9_39},
	Pages = {235 -- 252},
	Title = {A Compositional Partial Order Semantics for Petri Net Components},
	Year = {1997}}

@article{Stahl12,
	Author = {Stahl, Christian and Vogler, Walter},
	Date-Added = {2013-08-27 18:37:18 +0000},
	Date-Modified = {2013-08-27 18:37:18 +0000},
	Doi = {10.1007/s00236-012-0151-5},
	Issn = {0001-5903},
	Journal = {Acta Informatica},
	Language = {English},
	Number = {2},
	Pages = {69 -- 103},
	Publisher = {Springer-Verlag},
	Title = {A trace-based service semantics guaranteeing deadlock freedom},
	Url = {http://dx.doi.org/10.1007/s00236-012-0151-5},
	Volume = {49},
	Year = {2012},
	Bdsk-Url-1 = {http://dx.doi.org/10.1007/s00236-012-0151-5}}

@inproceedings{ReachaPbMayer,
	Acmid = {802477},
	Address = {New York, NY, USA},
	Author = {Mayr, Ernst W.},
	Booktitle = {Proceedings of the thirteenth annual ACM symposium on Theory of computing},
	Date-Added = {2013-08-27 18:37:18 +0000},
	Date-Modified = {2013-08-27 18:37:18 +0000},
	Doi = {10.1145/800076.802477},
	Keywords = {Decidability, Petri net, Reachability problem, Vector addition system},
	Location = {Milwaukee, Wisconsin, USA},
	Numpages = {9},
	Orgurl = {http://doi.acm.org/10.1145/800076.802477},
	Pages = {238 -- 246},
	Publisher = {ACM},
	Series = {STOC '81},
	Title = {An algorithm for the general Petri net reachability problem},
	Year = {1981},
	Bdsk-Url-1 = {http://dx.doi.org/10.1145/800076.802477}}

@proceedings{DBLP:conf/apn/1997,
	Bibsource = {DBLP, http://dblp.uni-trier.de},
	Booktitle = {ICATPN},
	Date-Added = {2013-08-27 18:37:18 +0000},
	Date-Modified = {2013-08-27 18:37:18 +0000},
	Editor = {Pierre Az{\'e}ma and Gianfranco Balbo},
	Isbn = {3-540-63139-9},
	Publisher = {Springer},
	Series = {Lecture Notes in Computer Science},
	Title = {Application and Theory of Petri Nets 1997, 18th International Conference, ICATPN '97, Toulouse, France, June 23-27, 1997, Proceedings},
	Volume = {1248},
	Year = {1997}}

@incollection{SM89,
	Author = {Souissi, Younes and Memmi, G{\'e}rard},
	Booktitle = {Advances in Petri Nets 1990},
	Date-Added = {2013-08-27 18:37:18 +0000},
	Date-Modified = {2013-08-27 18:37:18 +0000},
	Doi = {10.1007/3-540-53863-1_34},
	Editor = {Rozenberg, Grzegorz},
	Isbn = {978-3-540-53863-9},
	Keywords = {Composition via shared places; separation line; composition via a sequential process; composition by rendez-vous; composition via a well-formed block; boundedness; liveness},
	Pages = {457 -- 470},
	Publisher = {Springer Berlin Heidelberg},
	Series = {Lecture Notes in Computer Science},
	Title = {Composition of nets via a communication medium},
	Url = {http://dx.doi.org/10.1007/3-540-53863-1_34},
	Volume = {483},
	Year = {1991},
	Bdsk-Url-1 = {http://dx.doi.org/10.1007/3-540-53863-1_34}}

@article{Jancar90,
	Author = {Petr Jancar},
	Bibsource = {DBLP, http://dblp.uni-trier.de},
	Date-Added = {2013-08-27 18:37:18 +0000},
	Date-Modified = {2013-08-27 18:37:18 +0000},
	Doi = {10.1016/0304-3975(90)90006-4},
	Journal = {Theoreticl Computer Science},
	Number = {1},
	Pages = {71 -- 93},
	Title = {Decidability of a Temporal Logic Problem for Petri Nets},
	Volume = {74},
	Year = {1990},
	Bdsk-Url-1 = {http://dx.doi.org/10.1016/0304-3975(90)90006-4}}

@book{dj89,
	Author = {Escrig, D.F. and Johnen, C.},
	Date-Added = {2013-08-27 18:37:18 +0000},
	Date-Modified = {2013-08-27 18:37:18 +0000},
	Orgurl = {http://books.google.dk/books?id=WHotHAAACAAJ},
	Publisher = {Universit{\'e} de Paris-Sud, Centre d'Orsay, Laboratoire de Recherche en Informatique},
	Series = {Rapports de recherche // PARIS-SUD UNIV LRI},
	Title = {Decidability of Home Space Property},
	Year = {1989}}

@incollection{carst87,
	Author = {Carstensen, Heino},
	Booktitle = {STACS 87},
	Date-Added = {2013-08-27 18:37:18 +0000},
	Date-Modified = {2013-08-27 18:37:18 +0000},
	Doi = {10.1007/BFb0039622},
	Editor = {Brandenburg, FranzJ. and Vidal-Naquet, Guy and Wirsing, Martin},
	Isbn = {978-3-540-17219-2},
	Pages = {396 -- 407},
	Publisher = {Springer Berlin Heidelberg},
	Series = {Lecture Notes in Computer Science},
	Title = {Decidability questions for fairness in Petri nets},
	Url = {http://dx.doi.org/10.1007/BFb0039622},
	Volume = {247},
	Year = {1987},
	Bdsk-Url-1 = {http://dx.doi.org/10.1007/BFb0039622}}

@article{DK2009,
	Acmid = {1551241},
	Address = {Amsterdam, The Netherlands, The Netherlands},
	Author = {Stahl, Christian and Wolf, Karsten},
	Date-Added = {2013-08-27 18:37:18 +0000},
	Date-Modified = {2013-08-27 18:37:18 +0000},
	Doi = {10.1016/j.datak.2009.02.012},
	Issn = {0169-023X},
	Issue_Date = {September, 2009},
	Journal = {Data Knowl. Eng.},
	Keywords = {Business process modeling and analysis, Operating guidelines, Petri nets, Process verification and validation, Substitutability},
	Month = sep,
	Number = {9},
	Numpages = {15},
	Orgurl = {http://dx.doi.org/10.1016/j.datak.2009.02.012},
	Pages = {819 -- 833},
	Publisher = {Elsevier Science Publishers B. V.},
	Title = {Deciding service composition and substitutability using extended operating guidelines},
	Volume = {68},
	Year = {2009},
	Bdsk-Url-1 = {http://dx.doi.org/10.1016/j.datak.2009.02.012}}

@incollection{hennicker_knapp_2011,
	Author = {Hennicker, Rolf and Knapp, Alexander},
	Booktitle = {Theoretical Aspects of Computing -- ICTAC 2011},
	Date-Added = {2013-08-27 18:37:18 +0000},
	Date-Modified = {2013-08-27 18:37:18 +0000},
	Doi = {10.1007/978-3-642-23283-1_11},
	Editor = {Cerone, Antonio and Pihlajasaari, Pekka},
	Isbn = {978-3-642-23282-4},
	Orgurl = {http://dx.doi.org/10.1007/978-3-642-23283-1_11},
	Pages = {135 -- 153},
	Publisher = {Springer Berlin Heidelberg},
	Series = {Lecture Notes in Computer Science},
	Title = {Modal Interface Theories for Communication-Safe Component Assemblies},
	Volume = {6916},
	Year = {2011},
	Bdsk-Url-1 = {http://dx.doi.org/10.1007/978-3-642-23283-1_11}}

@incollection{Souissi90,
	Author = {Souissi, Younes},
	Booktitle = {Advances in Petri Nets 1991},
	Date-Added = {2013-08-27 18:37:18 +0000},
	Date-Modified = {2013-08-27 18:37:18 +0000},
	Doi = {10.1007/BFb0019979},
	Editor = {Rozenberg, Grzegorz},
	Isbn = {978-3-540-54398-5},
	Keywords = {Composition; F-monotonicity; F-robust net; F-strong net; liveness preservation},
	Orgurl = {http://dx.doi.org/10.1007/BFb0019979},
	Pages = {277 -- 295},
	Publisher = {Springer Berlin Heidelberg},
	Series = {Lecture Notes in Computer Science},
	Title = {On liveness preservation by composition of nets via a set of places},
	Volume = {524},
	Year = {1991},
	Bdsk-Url-1 = {http://dx.doi.org/10.1007/BFb0019979}}

@inproceedings{Lohmann07,
	Author = {Niels Lohmann and Peter Massuthe and Karsten Wolf},
	Bibsource = {DBLP, http://dblp.uni-trier.de},
	Booktitle = {ICATPN},
	Crossref = {DBLP:conf/apn/2007},
	Date-Added = {2013-08-27 18:37:18 +0000},
	Date-Modified = {2013-08-27 18:37:18 +0000},
	Ee = {http://dx.doi.org/10.1007/978-3-540-73094-1_20},
	Pages = {321 -- 341},
	Title = {Operating Guidelines for Finite-State Services},
	Year = {2007}}

@book{BDK01,
	Author = {Eike Best and Raymond R. Devillers and Maciej Koutny},
	Bibsource = {DBLP, http://dblp.uni-trier.de},
	Date-Added = {2013-08-27 18:37:18 +0000},
	Date-Modified = {2013-08-27 18:37:18 +0000},
	Isbn = {978-3-540-67398-9},
	Pages = {I -- XI, 1 -- 378},
	Publisher = {Springer},
	Title = {Petri net algebra},
	Year = {2001}}

@book{peterson1981,
	Author = {Peterson, J.L.},
	Date-Added = {2013-08-27 18:37:18 +0000},
	Date-Modified = {2013-08-27 18:37:18 +0000},
	Isbn = {9780136619833},
	Lccn = {80024559},
	Publisher = {Prentice-Hall},
	Series = {Foundations of Philosophy Series},
	Title = {Petri net theory and the modeling of systems},
	Url = {http://books.google.dk/books?id=xNtQAAAAMAAJ},
	Year = {1981},
	Bdsk-Url-1 = {http://books.google.dk/books?id=xNtQAAAAMAAJ}}

@proceedings{DBLP:conf/apn/2007,
	Bibsource = {DBLP, http://dblp.uni-trier.de},
	Booktitle = {ICATPN},
	Date-Added = {2013-08-27 18:37:18 +0000},
	Date-Modified = {2013-08-27 18:37:18 +0000},
	Editor = {Jetty Kleijn and Alexandre Yakovlev},
	Isbn = {978-3-540-73093-4},
	Publisher = {Springer},
	Series = {Lecture Notes in Computer Science},
	Title = {Petri Nets and Other Models of Concurrency - ICATPN 2007, 28th International Conference on Applications and Theory of Petri Nets and Other Models of Concurrency, ICATPN 2007, Siedlce, Poland, June 25-29, 2007, Proceedings},
	Volume = {4546},
	Year = {2007}}

@incollection{EHH12,
	Author = {Elhog-Benzina, Dorsaf and Haddad, Serge and Hennicker, Rolf},
	Booktitle = {Transactions on Petri Nets and Other Models of Concurrency V},
	Date-Added = {2013-08-27 18:37:18 +0000},
	Date-Modified = {2013-08-27 18:37:18 +0000},
	Doi = {10.1007/978-3-642-29072-5_4},
	Editor = {Jensen, Kurt and Donatelli, Susanna and Kleijn, Jetty},
	Isbn = {978-3-642-29071-8},
	Keywords = {Modal language specification and refinement; modal Petri net; weak determinacy; asynchronous composition; infinite state system},
	Orgurl = {http://dx.doi.org/10.1007/978-3-642-29072-5_4},
	Pages = {96 -- 120},
	Publisher = {Springer Berlin Heidelberg},
	Series = {Lecture Notes in Computer Science},
	Title = {Refinement and Asynchronous Composition of Modal Petri Nets},
	Volume = {6900},
	Year = {2012},
	Bdsk-Url-1 = {http://dx.doi.org/10.1007/978-3-642-29072-5_4}}

@article{gs66,
	Author = {Seymour Ginsburg and Edwin H. Spanier},
	Date-Added = {2013-08-27 18:37:18 +0000},
	Date-Modified = {2013-08-27 18:37:18 +0000},
	Journal = {Pacific Journal of Mathematics},
	Pages = {285 -- 296},
	Title = {Semigroups, Presburger Formulas, and Languages},
	Volume = {16},
	Year = {1966}}

@inproceedings{reisig09,
	Acmid = {1574418},
	Address = {Berlin, Heidelberg},
	Author = {Reisig, Wolfgang},
	Booktitle = {Proceedings of the 30th International Conference on Applications and Theory of Petri Nets},
	Date-Added = {2013-08-27 18:37:18 +0000},
	Date-Modified = {2013-08-27 18:37:18 +0000},
	Doi = {10.1007/978-3-642-02424-5_4},
	Isbn = {978-3-642-02423-8},
	Location = {Paris, France},
	Numpages = {20},
	Orgurl = {http://dx.doi.org/10.1007/978-3-642-02424-5_4},
	Pages = {23 -- 42},
	Publisher = {Springer-Verlag},
	Series = {PETRI NETS '09},
	Title = {Simple Composition of Nets},
	Year = {2009},
	Bdsk-Url-1 = {http://dx.doi.org/10.1007/978-3-642-02424-5_4}}

@article{GB05,
	Author = {Lu\'{\i}s Gomes and Jo{\~a}o Paulo Barros},
	Bibsource = {DBLP, http://dblp.uni-trier.de},
	Date-Added = {2013-08-27 18:37:18 +0000},
	Date-Modified = {2013-08-27 18:37:18 +0000},
	Doi = {10.1109/TII.2005.844433},
	Journal = {IEEE Trans. Industrial Informatics},
	Number = {2},
	Pages = {112 -- 123},
	Title = {Structuring and composability issues in Petri nets modeling},
	Volume = {1},
	Year = {2005},
	Bdsk-Url-1 = {http://dx.doi.org/10.1109/TII.2005.844433}}

@incollection{BTO12,
	Author = {Basu, Samik and Bultan, Tevfik and Ouederni, Meriem},
	Booktitle = {Verification, Model Checking, and Abstract Interpretation},
	Date-Added = {2013-08-27 18:37:18 +0000},
	Date-Modified = {2013-08-27 18:37:18 +0000},
	Doi = {10.1007/978-3-642-27940-9_5},
	Editor = {Kuncak, Viktor and Rybalchenko, Andrey},
	Isbn = {978-3-642-27939-3},
	Orgurl = {http://dx.doi.org/10.1007/978-3-642-27940-9_5},
	Pages = {56 -- 71},
	Publisher = {Springer Berlin Heidelberg},
	Series = {Lecture Notes in Computer Science},
	Title = {Synchronizability for Verification of Asynchronously Communicating Systems},
	Volume = {7148},
	Year = {2012},
	Bdsk-Url-1 = {http://dx.doi.org/10.1007/978-3-642-27940-9_5}}

@book{berard-et-al-2001,
	Author = {B{\'e}rard, B{\'e}atrice and Bidoit, Michel and Finkel, Alain and Laroussinie, Fran{\c{c}}ois and Petit, Antoine and Petrucci, Laure and Schnoebelen, {\relax Ph}ilippe},
	Date-Added = {2013-08-27 18:37:18 +0000},
	Date-Modified = {2013-08-27 18:37:18 +0000},
	Publisher = {Springer},
	Title = {Systems and Software Verification. {M}odel-Checking Techniques and Tools},
	Url = {http://www.springer.com/3-540-41523-8},
	Year = {2001},
	Bdsk-Url-1 = {http://www.springer.com/3-540-41523-8}}

@article{rackoff78,
	Author = {Charles Rackoff},
	Bibsource = {DBLP, http://dblp.uni-trier.de},
	Date-Added = {2013-08-27 18:37:18 +0000},
	Date-Modified = {2013-08-27 18:37:18 +0000},
	Doi = {10.1016/0304-3975(78)90036-1},
	Journal = {Theoretical Computer Science},
	Pages = {223 -- 231},
	Title = {The Covering and Boundedness Problems for Vector Addition Systems},
	Volume = {6},
	Year = {1978},
	Bdsk-Url-1 = {http://dx.doi.org/10.1016/0304-3975(78)90036-1}}

@incollection{VJ84,
	Author = {Valk, R{\"u}diger and Jantzen, Matthias},
	Booktitle = {Advances in Petri Nets 1984},
	Date-Added = {2013-08-27 18:37:18 +0000},
	Date-Modified = {2013-08-27 18:37:18 +0000},
	Doi = {10.1007/3-540-15204-0_14},
	Editor = {Rozenberg, G.},
	Isbn = {978-3-540-15204-0},
	Orgurl = {http://dx.doi.org/10.1007/3-540-15204-0_14},
	Pages = {234 -- 258},
	Publisher = {Springer Berlin Heidelberg},
	Series = {Lecture Notes in Computer Science},
	Title = {The residue of vector sets with applications to decidability problems in petri nets},
	Volume = {188},
	Year = {1985},
	Bdsk-Url-1 = {http://dx.doi.org/10.1007/3-540-15204-0_14}}

@inproceedings{Aceto:graphical,
	Author = {Luca Aceto and Ignacio F{\'a}bregas and David de Frutos-Escrig and Anna Ing{\'o}lfsd{\'o}ttir and Miguel Palomino},
	Booktitle = {EXPRESS},
	Date-Added = {2013-08-27 10:05:28 +0000},
	Date-Modified = {2013-08-27 10:05:28 +0000},
	Pages = {1 -- 15},
	Series = {EPTCS},
	Title = {Graphical representation of covariant-contravariant modal formulae},
	Volume = {64},
	Year = {2011},
	Year1 = {2011}}

@inproceedings{BKLMS:ATVA:11,
	Author = {N. Bene\v{s} and J. K\v{r}et{\'\i}nsk{\'y} and K.G. Larsen and M.H. M{\o}ller and J. Srba},
	Booktitle = {Proceedings of {ATVA}'11},
	Date-Added = {2013-08-27 10:05:28 +0000},
	Date-Modified = {2013-08-27 10:05:28 +0000},
	Pages = {275 -- 289},
	Publisher = {Springer-Verlag},
	Series = {LNCS},
	Title = {Parametric Modal Transition Systems},
	Volume = {6996},
	Year = {2011}}

@techreport{BKLMS:TechRep:12,
	Author = {N. Bene\v{s} and J. K\v{r}et\'{\i}nsk\'{y} and K.G. Larsen and M.H. M{\o}ller and J. Srba},
	Date-Added = {2013-08-27 10:05:28 +0000},
	Date-Modified = {2013-08-27 10:05:28 +0000},
	Institution = {Faculty of Informatics MU},
	Key = {FIMU-RS-2012-01},
	Number = {FIMU-RS-2012-01},
	Title = {Dual-Priced Modal Transition Systems with Time Durations},
	Year = {2012}}

@inproceedings{BloemGHJ09,
	Author = {Roderick Bloem and K. Greimel and T. A. Henzinger and B. Jobstmann},
	Booktitle = {Proc. of FMCAD09},
	Date-Added = {2013-08-27 10:05:28 +0000},
	Date-Modified = {2013-08-27 10:05:28 +0000},
	Pages = {85 -- 92},
	Publisher = {IEEE},
	Title = {Synthesizing Robust Systems},
	Year = {2009}}

@proceedings{DBLP:conf/emsoft/2003,
	Bibsource = {DBLP, http://dblp.uni-trier.de},
	Booktitle = {EMSOFT},
	Date-Added = {2013-08-27 10:05:28 +0000},
	Date-Modified = {2013-08-27 10:05:28 +0000},
	Editor = {Rajeev Alur and Insup Lee},
	Isbn = {3-540-20223-4},
	Publisher = {Springer},
	Series = {Lecture Notes in Computer Science},
	Title = {Embedded Software, Third International Conference, EMSOFT 2003, Philadelphia, PA, USA, October 13-15, 2003, Proceedings},
	Volume = {2855},
	Year = {2003}}

@inproceedings{DBLP:conf/emsoft/ChakrabartiAHS03,
	Author = {Arindam Chakrabarti and Luca de Alfaro and Thomas A. Henzinger and Mari{\"e}lle Stoelinga},
	Bibsource = {DBLP, http://dblp.uni-trier.de},
	Booktitle = {EMSOFT},
	Crossref = {DBLP:conf/emsoft/2003},
	Date-Added = {2013-08-27 10:05:28 +0000},
	Date-Modified = {2013-08-27 10:05:28 +0000},
	Ee = {http://dx.doi.org/10.1007/978-3-540-45212-6\\\\\\\\\\\\_9},
	Pages = {117 -- 133},
	Title = {Resource Interfaces},
	Year = {2003}}

@proceedings{DBLP:conf/fmco/2004,
	Bibsource = {DBLP, http://dblp.uni-trier.de},
	Booktitle = {FMCO},
	Date-Added = {2013-08-27 10:05:28 +0000},
	Date-Modified = {2013-08-27 10:05:28 +0000},
	Isbn = {3-540-29131-8},
	Publisher = {Springer},
	Series = {LNCS},
	Title = {Formal Methods for Components and Objects, Third International Symposium, FMCO 2004, Leiden, The Netherlands, November 2 - 5, 2004, Revised Lectures},
	Volume = {3657},
	Year = {2005}}

@inproceedings{DBLP:conf/fmco/BehrmannLR04,
	Author = {Gerd Behrmann and Kim Guldstrand Larsen and Jacob Illum Rasmussen},
	Bibsource = {DBLP, http://dblp.uni-trier.de},
	Booktitle = {FMCO},
	Crossref = {DBLP:conf/fmco/2004},
	Date-Added = {2013-08-27 10:05:28 +0000},
	Date-Modified = {2013-08-27 10:05:28 +0000},
	Ee = {http://dx.doi.org/10.1007/11561163\\\\\\\\\\_8},
	Pages = {162 -- 182},
	Title = {Priced Timed Automata: Algorithms and Applications},
	Year = {2004}}

@proceedings{DBLP:conf/formats/2008,
	Bibsource = {DBLP, http://dblp.uni-trier.de},
	Booktitle = {FORMATS},
	Date-Added = {2013-08-27 10:05:28 +0000},
	Date-Modified = {2013-08-27 10:05:28 +0000},
	Editor = {Franck Cassez and Claude Jard},
	Isbn = {978-3-540-85777-8},
	Publisher = {Springer},
	Series = {Lecture Notes in Computer Science},
	Title = {Formal Modeling and Analysis of Timed Systems, 6th International Conference, FORMATS 2008, Saint Malo, France, September 15-17, 2008. Proceedings},
	Volume = {5215},
	Year = {2008}}

@inproceedings{DBLP:conf/formats/BouyerFLMS08,
	Author = {Patricia Bouyer and Ulrich Fahrenberg and Kim Guldstrand Larsen and Nicolas Markey and Jir{\'\i} Srba},
	Booktitle = {FORMATS},
	Date-Added = {2013-08-27 10:05:28 +0000},
	Date-Modified = {2013-08-27 10:05:28 +0000},
	Isbn = {978-3-540-85777-8},
	Pages = {33 -- 47},
	Publisher = {Springer},
	Series = {LNCS},
	Title = {Infinite Runs in Weighted Timed Automata with Energy Constraints},
	Volume = {5215},
	Year = {2008}}

@proceedings{DBLP:conf/icalp/2010-2,
	Bibsource = {DBLP, http://dblp.uni-trier.de},
	Booktitle = {ICALP (2)},
	Date-Added = {2013-08-27 10:05:28 +0000},
	Date-Modified = {2013-08-27 10:05:28 +0000},
	Editor = {Samson Abramsky and Cyril Gavoille and Claude Kirchner and Friedhelm Meyer auf der Heide and Paul G. Spirakis},
	Ee = {http://dx.doi.org/10.1007/978-3-642-14162-1},
	Isbn = {978-3-642-14161-4},
	Publisher = {Springer},
	Series = {Lecture Notes in Computer Science},
	Title = {Automata, Languages and Programming, 37th International Colloquium, ICALP 2010, Bordeaux, France, July 6-10, 2010, Proceedings, Part II},
	Volume = {6199},
	Year = {2010}}

@inproceedings{DBLP:conf/icalp/ChatterjeeD10,
	Author = {Krishnendu Chatterjee and Laurent Doyen},
	Bibsource = {DBLP, http://dblp.uni-trier.de},
	Booktitle = {ICALP (2)},
	Crossref = {DBLP:conf/icalp/2010-2},
	Date-Added = {2013-08-27 10:05:28 +0000},
	Date-Modified = {2013-08-27 10:05:28 +0000},
	Ee = {http://dx.doi.org/10.1007/978-3-642-14162-1\\\\\\\\\\\_50},
	Pages = {599 -- 610},
	Title = {Energy Parity Games},
	Year = {2010}}

@article{DBLP:journals/fmsd/BouyerBL08,
	Author = {Patricia Bouyer and Ed Brinksma and Kim Guldstrand Larsen},
	Bibsource = {DBLP, http://dblp.uni-trier.de},
	Date-Added = {2013-08-27 10:05:28 +0000},
	Date-Modified = {2013-08-27 10:05:28 +0000},
	Ee = {http://dx.doi.org/10.1007/s10703-007-0043-4},
	Journal = {Formal Methods in System Design},
	Number = {1},
	Pages = {3 -- 23},
	Title = {Optimal infinite scheduling for multi-priced timed automata},
	Volume = {32},
	Year = {2008}}

@article{em79mpg,
	Affiliation = {Department of Computer Science University of Colorado 80309 Boulder Colorado USA},
	Author = {A. Ehrenfeucht and J. Mycielski},
	Date-Added = {2013-08-27 10:05:28 +0000},
	Date-Modified = {2013-08-27 10:05:28 +0000},
	Issn = {0020-7276},
	Issue = {2},
	Journal = {International Journal of Game Theory},
	Keyword = {Business and Economics},
	doi = {10.1007/BF01768705},
	Pages = {109 -- 113},
	Publisher = {Physica Verlag, An Imprint of Springer-Verlag GmbH},
	Title = {Positional strategies for mean payoff games},
	Volume = {8},
	Year = {1979}}

@inproceedings{MFCS11,
	Author = {Sebastian S. Bauer and Uli Fahrenberg and Line Juhl and Kim G. Larsen and Axel Legay and Claus R. Thrane},
	Booktitle = {MFCS},
	Date-Added = {2013-08-27 10:05:28 +0000},
	Date-Modified = {2013-08-27 10:05:28 +0000},
	Pages = {60 -- 71},
	Publisher = {Springer},
	Series = {LNCS},
	Title = {Quantitative Refinement for Weighted Modal Transition Systems},
	Volume = {6907},
	Year = {2011}}

@article{Zwick96thecomplexity,
	Author = {U. Zwick and M. Paterson},
	Date-Added = {2013-08-27 10:05:28 +0000},
	Date-Modified = {2013-08-27 10:05:28 +0000},
	Journal = {Theoretical Computer Science},
	Pages = {343 -- 359},
	Title = {The Complexity of Mean Payoff Games on Graphs},
	Volume = {158},
	Year = {1996}}

@book{AILS:reactive:07,
	Author = {L. Aceto and A. Ingolfsdottir and K.G. Larsen and J. Srba},
	Date-Added = {2013-08-26 09:00:04 +0000},
	Date-Modified = {2013-08-26 09:00:04 +0000},
	Ee = {http://www.cambridge.org/uk/catalogue/catalogue.asp?isbn=9780521875462},
	Pages = {1 -- 300},
	Publisher = {Cambridge University Press},
	Title = {Reactive Systems: Modelling, Specification and Verification},
	Year = {2007}}

@inproceedings{DBLP:conf/avmfss/Larsen89,
	Author = {Kim Guldstrand Larsen},
	Bibsource = {DBLP, http://dblp.uni-trier.de},
	Booktitle = {Automatic Verification Methods for Finite State Systems},
	Crossref = {DBLP:conf/avmfss/1989},
	Date-Added = {2013-08-26 09:00:04 +0000},
	Date-Modified = {2013-08-26 09:00:04 +0000},
	Ee = {http://dx.doi.org/10.1007/3-540-52148-8_19},
	Pages = {232 -- 246},
	Title = {Modal Specifications},
	Year = {1989}}

@article{DBLP:journals/iandc/SteffenI94,
	Author = {Bernhard Steffen and Anna Ing{\'o}lfsd{\'o}ttir},
	Bibsource = {DBLP, http://dblp.uni-trier.de},
	Date-Added = {2013-08-26 09:00:04 +0000},
	Date-Modified = {2013-08-26 09:00:04 +0000},
	Ee = {http://dx.doi.org/10.1006/inco.1994.1028},
	Journal = {Inf. Comput.},
	Number = {1},
	Pages = {149 -- 163},
	Title = {Characteristic Formulae for Processes with Divergence},
	Volume = {110},
	Year = {1994}}

@article{DBLP:journals/jacm/HennessyM85,
	Author = {M. Hennessy and R. Milner},
	Bibsource = {DBLP, http://dblp.uni-trier.de},
	Date-Added = {2013-08-26 09:00:04 +0000},
	Date-Modified = {2013-08-26 09:00:04 +0000},
	Ee = {http://doi.acm.org/10.1145/2455.2460},
	Journal = {J. ACM},
	Number = {1},
	Pages = {137 -- 161},
	Title = {Algebraic Laws for Nondeterminism and Concurrency},
	Volume = {32},
	Year = {1985}}

@book{xinxin1992specification,
	Author = {Xinxin, L.},
	Date-Added = {2013-08-26 09:00:04 +0000},
	Date-Modified = {2013-08-26 09:00:04 +0000},
	Publisher = {University of Aalborg, Institute for Electronic Systems, Department of Mathematics and Computer Science},
	Series = {Report (Aalborg universitetscenter. Afdeling for matematik og datalogi)},
	Title = {Specification and Decomposition in Concurrency},
	Year = {1992}}

@inproceedings{GHJ:CONCUR:01,
	Author = {P. Godefroid and M. Huth and R. Jagadeesan},
	Booktitle = {Proc. {CONCUR}'01},
	Date-Added = {2013-08-25 14:35:41 +0000},
	Date-Modified = {2013-08-25 14:35:41 +0000},
	Pages = {426 -- 440},
	Publisher = {Springer},
	Series = {LNCS},
	Title = {Abstraction-Based Model Checking Using Modal Transition Systems},
	Volume = {2154},
	Year = {2001}}

@inproceedings{DBLP:conf/vmcai/DamsN05,
	Author = {D. Dams and K. S. Namjoshi},
	Booktitle = {VMCAI},
	Date-Added = {2013-08-25 14:35:41 +0000},
	Date-Modified = {2013-08-25 14:35:41 +0000},
	Pages = {216 -- 232},
	Series = {Lecture Notes in Computer Science},
	Title = {Automata as Abstractions},
	Volume = {3385},
	Year = {2005},
	Year1 = {2005}}

@proceedings{DBLP:conf/icalp/1989,
	Bibsource = {DBLP, http://dblp.uni-trier.de},
	Booktitle = {ICALP},
	Date-Added = {2013-08-25 14:35:41 +0000},
	Date-Modified = {2013-08-25 14:35:41 +0000},
	Editor = {Giorgio Ausiello and Mariangiola Dezani-Ciancaglini and Simona Ronchi Della Rocca},
	Isbn = {3-540-51371-X},
	Publisher = {Springer},
	Series = {Lecture Notes in Computer Science},
	Title = {Automata, Languages and Programming, 16th International Colloquium, ICALP89, Stresa, Italy, July 11-15, 1989, Proceedings},
	Volume = {372},
	Year = {1989}}

@article{SawaJ05,
	Author = {Z. Sawa and P. Jan\v{c}ar},
	Date-Added = {2013-08-25 14:35:41 +0000},
	Date-Modified = {2013-08-25 14:35:41 +0000},
	Journal = {Computing and informatics},
	Number = {5},
	Pages = {513 -- 528},
	Publisher = {Slovak Academy of Sciences},
	Title = {Behavioural Equivalences on Finite-State Systems are {PTIME}-hard},
	Volume = {24},
	Year = {2005}}

@article{KS90:IC,
	Author = {P. C. Kanellakis and S. A. Smolka},
	Date-Added = {2013-08-25 14:35:41 +0000},
	Date-Modified = {2013-08-25 14:35:41 +0000},
	Journal = {Information and Computation},
	Number = 1,
	Pages = {43 -- 68},
	Title = {{CCS} Expressions, Finite State Processes, and Three Problems of Equivalence},
	Volume = 86,
	Year = 1990}

@article{DBLP:journals/entcs/FecherS05,
	Author = {H. Fecher and M. Steffen},
	Bibsource = {DBLP, http://dblp.uni-trier.de},
	Date-Added = {2013-08-25 14:35:41 +0000},
	Date-Modified = {2013-08-25 14:35:41 +0000},
	Doi = {10.1016/j.entcs.2004.11.031},
	Ee = {http://dx.doi.org/10.1016/j.entcs.2004.11.031},
	Journal = {ENTCS},
	Number = {2},
	Pages = {103 -- 116},
	Title = {Characteristic mu-Calculus Formulas for Underspecified Transition Systems},
	Volume = {128},
	Year = {2005},
	Bdsk-Url-1 = {http://dx.doi.org/10.1016/j.entcs.2004.11.031}}

@inproceedings{BKLS:ICTAC:09,
	Author = {N. Bene\v{s} and J. K\v{r}et{\'\i}nsk{\'y} and K. G. Larsen and J. Srba},
	Booktitle = {Theoretical Aspects of Computing - ICTAC 2009, 6th International Colloquium. Proceedings},
	Date-Added = {2013-08-25 14:35:41 +0000},
	Date-Modified = {2013-08-25 14:35:41 +0000},
	Isbn = {978-3-642-03465-7},
	Publisher = {Springer},
	Series = {LNCS},
	Title = {Checking Thorough Refinement on Modal Transition Systems Is {EXPTIME}-Complete},
	Volume = {5684},
	Year = {2009}}

@techreport{BKLS:09:R,
	Author = {N. Bene\v{s} and J. K\v{r}et{\'\i}nsk{\'y} and K. G. Larsen and J. Srba},
	Date-Added = {2013-08-25 14:35:41 +0000},
	Date-Modified = {2013-08-25 14:35:41 +0000},
	Institution = {Faculty of Informatics, Masaryk University, Brno},
	Number = {FIMU-RS-2009-03},
	Title = {Checking Thorough Refinement on Modal Transition Systems Is {EXPTIME}-Complete},
	Type = {Technical report},
	Year = {2009}}

@inproceedings{AntonikHLNW08,
	Author = {A. Antonik and M. Huth and K. G. Larsen and U. Nyman and A. Wasowski},
	Booktitle = {Proceedings of the 11th International Conference on Foundations of Software Science and Computation Structures ({FOSSACS}'08)},
	Date-Added = {2013-08-25 14:35:41 +0000},
	Date-Modified = {2013-08-25 14:35:41 +0000},
	Pages = {112 -- 126},
	Series = {LNCS},
	Title = {Complexity of Decision Problems for Mixed and Modal Specifications},
	Volume = {4962},
	Year = {2008}}

@proceedings{DBLP:conf/concur/2000,
	Bibsource = {DBLP, http://dblp.uni-trier.de},
	Booktitle = {CONCUR},
	Date-Added = {2013-08-25 14:35:41 +0000},
	Date-Modified = {2013-08-25 14:35:41 +0000},
	Editor = {Catuscia Palamidessi},
	Isbn = {3-540-67897-2},
	Publisher = {Springer},
	Series = {Lecture Notes in Computer Science},
	Title = {CONCUR 2000 - Concurrency Theory, 11th International Conference, University Park, PA, USA, August 22-25, 2000, Proceedings},
	Volume = {1877},
	Year = {2000}}

@article{balcazar1992dbp,
	Author = {J. L. Balcazar and J. Gabarr{\'o} and M. Santha},
	Date-Added = {2013-08-25 14:35:41 +0000},
	Date-Modified = {2013-08-25 14:35:41 +0000},
	Journal = {Formal aspects of computing},
	Number = {6 A},
	Pages = {638 -- 648},
	Publisher = {Springer},
	Title = {{Deciding bisimilarity is P-complete}},
	Volume = {4},
	Year = {1992}}

@article{DBLP:journals/tocl/AlurT04,
	Author = {R. Alur and S. La Torre},
	Bibsource = {DBLP, http://dblp.uni-trier.de},
	Date-Added = {2013-08-25 14:35:41 +0000},
	Date-Modified = {2013-08-25 14:35:41 +0000},
	Doi = {10.1145/963927.963928},
	Ee = {http://doi.acm.org/10.1145/963927.963928},
	Journal = {ACM Trans. Comput. Log.},
	Number = {1},
	Pages = {1 -- 25},
	Title = {Deterministic generators and games for {LTL} fragments},
	Volume = {5},
	Year = {2004},
	Bdsk-Url-1 = {http://dx.doi.org/10.1145/963927.963928}}

@techreport{fossacs-techrep,
	Author = {N. Bene\v{s} and I. \v{C}ern{\'a} and J. {K{\v r}et{\'\i}nsk{\'y}}},
	Date-Added = {2013-08-25 14:35:41 +0000},
	Date-Modified = {2013-08-25 14:35:41 +0000},
	Institution = {Faculty of Informatics, Masaryk University, Brno},
	Number = {FIMU-RS-2010-12},
	Title = {Disjunctive modal transition systems and generalized {LTL} model checking},
	Type = {Technical report},
	Year = {2010}}

@inproceedings{exptime-complete,
	Author = {A. Antonik and M. Huth and K. G. Larsen and U. Nyman and A. Wasowski},
	Booktitle = {15th International Workshop on Expressiveness in Concurrency},
	Date-Added = {2013-08-25 14:35:41 +0000},
	Date-Modified = {2013-08-25 14:35:41 +0000},
	Month = {July},
	Title = {{EXPTIME}-complete Decision Problems for Mixed and Modal Specifications},
	Year = {2008}}

@inproceedings{Piterman06fastersolution,
	Author = {N. Piterman and A. Pnueli},
	Booktitle = {In Proceedings of LICS'06},
	Date-Added = {2013-08-25 14:35:41 +0000},
	Date-Modified = {2013-08-25 14:35:41 +0000},
	Pages = {275 -- 284},
	Publisher = {IEEE, IEEE press},
	Title = {Faster solution of Rabin and Streett games},
	Year = {2006}}

@inproceedings{DBLP:conf/concur/BrunsG00,
	Author = {G. Bruns and P. Godefroid},
	Booktitle = {CONCUR 2000},
	Date-Added = {2013-08-25 14:35:41 +0000},
	Date-Modified = {2013-08-25 14:35:41 +0000},
	Pages = {168 -- 182},
	Publisher = {Springer},
	Series = {LNCS},
	Title = {Generalized Model Checking: Reasoning about Partial State Spaces},
	Volume = {1877},
	Year = {2000}}

@article{DBLP:journals/tcs/BoudolL92,
	Author = {G. Boudol and K. G. Larsen},
	Bibsource = {DBLP, http://dblp.uni-trier.de},
	Date-Added = {2013-08-25 14:35:41 +0000},
	Date-Modified = {2013-08-25 14:35:41 +0000},
	Journal = {Theor. Comput. Sci.},
	Number = {1},
	Pages = {3 -- 20},
	Title = {Graphical Versus Logical Specifications},
	Volume = {106},
	Year = {1992}}

@article{desimone1985hls,
	Author = {R. {De Simone} and M. Nivat},
	Date-Added = {2013-08-25 14:35:41 +0000},
	Date-Modified = {2013-08-25 14:35:41 +0000},
	Journal = {Theoretical computer science},
	Number = {3},
	Pages = {245 -- 267},
	Publisher = {Elsevier},
	Title = {{Higher-level synchronising devices in MEIJE-SCCS}},
	Volume = {37},
	Year = {1985}}

@article{JLS:weighted,
title = "Modal transition systems with weight intervals ",
journal = "The Journal of Logic and Algebraic Programming ",
volume = "81",
number = "4",
pages = "408 -- 421",
year = "2012",
issn = "1567-8326",
doi = "10.1016/j.jlap.2012.03.008",
orgurl = "http://www.sciencedirect.com/science/article/pii/S1567832612000240",
author = "Line Juhl and Kim G. Larsen and Ji\v{r}\'{\i} Srba",
keywords = "Modal transition systems",
keywords = "Weighted transition systems",
keywords = "Deterministic specifications",
keywords = "Refinement",
keywords = "Action-based \{CTL\}",
keywords = "Model checking "
}



@book{Hopcroft,
	Address = {Boston, MA, USA},
	Author = {J. E. Hopcroft and R. Motwani and J. D. Ullman},
	Date-Added = {2013-08-25 14:35:41 +0000},
	Date-Modified = {2013-08-25 14:35:41 +0000},
	Isbn = {0201441241},
	Publisher = {Addison-Wesley Longman Publishing Co., Inc.},
	Title = {Introduction to Automata Theory, Languages and Computability},
	Year = {2000}}

@book{Sipser:book,
	Author = {M. Sipser},
	Date-Added = {2013-08-25 14:35:41 +0000},
	Date-Modified = {2013-08-25 14:35:41 +0000},
	Publisher = {Course Technology},
	Title = {Introduction to the Theory of Computation},
	Year = {2006}}

@inproceedings{Stirling:CONCUR95,
	Author = {C. Stirling},
	Booktitle = {Proceedings of the 6th International Conference on Concurrency Theory (CONCUR'95)},
	Date-Added = {2013-08-25 14:35:41 +0000},
	Date-Modified = {2013-08-25 14:35:41 +0000},
	Pages = {1 -- 11},
	Publisher = {Springer-Verlag},
	Series = {{LNCS}},
	Title = {Local Model Checking Games},
	Volume = {962},
	Year = {1995}}

@inproceedings{DBLP:conf/vmcai/GodefroidP09,
	Author = {P. Godefroid and N. Piterman},
	Booktitle = {VMCAI},
	Date-Added = {2013-08-25 14:35:41 +0000},
	Date-Modified = {2013-08-25 14:35:41 +0000},
	Pages = {89 -- 104},
	Publisher = {Springer},
	Series = {LNCS},
	Title = {{LTL} Generalized Model Checking Revisited},
	Volume = {5403},
	Year = {2009}}

@inproceedings{UC:FSE:04,
	Author = {S. Uchitel and M. Chechik},
	Booktitle = {Proc. of {FSE}'04},
	Date-Added = {2013-08-25 14:35:41 +0000},
	Date-Modified = {2013-08-25 14:35:41 +0000},
	Pages = {43 -- 52},
	Publisher = {ACM},
	Title = {Merging partial behavioural models},
	Year = {2004}}

@inproceedings{WGC:VMCAI:09,
	Author = {O. Wei and A. Gurfinkel and M. Chechik},
	Booktitle = {Proc. of {VMCAI}'09},
	Date-Added = {2013-08-25 14:35:41 +0000},
	Date-Modified = {2013-08-25 14:35:41 +0000},
	Pages = {349 -- 365},
	Publisher = {Springer},
	Series = {LNCS},
	Title = {Mixed Transition Systems Revisited},
	Volume = {5403},
	Year = {2009}}

@inproceedings{NNN:SAS:08,
	Author = {S. Nanz and F. Nielson and H. R. Nielson},
	Booktitle = {Proc. of SAS'08},
	Date-Added = {2013-08-25 14:35:41 +0000},
	Date-Modified = {2013-08-25 14:35:41 +0000},
	Pages = {159 -- 173},
	Publisher = {Springer},
	Series = {LNCS},
	Title = {Modal Abstractions of Concurrent Behaviour},
	Volume = {5079},
	Year = {2008}}

@inproceedings{HJS:ESOP:01,
	Author = {M. Huth and R. Jagadeesan and D. A. Schmidt},
	Booktitle = {Proc. of {ESOP}'01},
	Date-Added = {2013-08-25 14:35:41 +0000},
	Date-Modified = {2013-08-25 14:35:41 +0000},
	Pages = {155 -- 169},
	Publisher = {Springer},
	Series = {LNCS},
	Title = {Modal Transition Systems: A Foundation for Three-Valued Program Analysis},
	Volume = {2028},
	Year = {2001}}

@inproceedings{DBLP:conf/fmoods/GrulerLS08,
	Author = {A. Gruler and M. Leucker and K. D. Scheidemann},
	Bibsource = {DBLP, http://dblp.uni-trier.de},
	Booktitle = {FMOODS},
	Crossref = {DBLP:conf/fmoods/2008},
	Date-Added = {2013-08-25 14:35:41 +0000},
	Date-Modified = {2013-08-25 14:35:41 +0000},
	Doi = {10.1007/978-3-540-68863-1\_8},
	Ee = {http://dx.doi.org/10.1007/978-3-540-68863-1\_8},
	Pages = {113 -- 131},
	Title = {Modeling and Model Checking Software Product Lines},
	Year = {2008},
	Bdsk-Url-1 = {http://dx.doi.org/10.1007/978-3-540-68863-1%5C_8}}

@article{DBLP:journals/sttt/LarsenNW07,
	Author = {K. G. Larsen and U. Nyman and A. Wasowski},
	Bibsource = {DBLP, http://dblp.uni-trier.de},
	Date-Added = {2013-08-25 14:35:41 +0000},
	Date-Modified = {2013-08-25 14:35:41 +0000},
	Doi = {10.1007/s10009-007-0046-x},
	Ee = {http://dx.doi.org/10.1007/s10009-007-0046-x},
	Journal = {STTT},
	Number = {5 -- 6},
	Pages = {471 -- 487},
	Title = {Modeling software product lines using color-blind transition systems},
	Volume = {9},
	Year = {2007},
	Bdsk-Url-1 = {http://dx.doi.org/10.1007/s10009-007-0046-x}}

@inproceedings{DFFU:EXT:07,
	Author = {N. D'Ippolito and D. Fischbein and H. Foster and S. Uchitel},
	Booktitle = {Proc. of ({ETX}'07)},
	Date-Added = {2013-08-25 14:35:41 +0000},
	Date-Modified = {2013-08-25 14:35:41 +0000},
	Pages = {6 -- 10},
	Publisher = {ACM},
	Title = {{MTSA}: Eclipse support for modal transition systems construction, analysis and elaboration},
	Year = {2007}}

@inproceedings{DFCU:ASE:08,
	Author = {N. D'Ippolito and D. Fischbein and M. Chechik and S. Uchitel},
	Booktitle = {Proc. of {ASE}'08},
	Date-Added = {2013-08-25 14:35:41 +0000},
	Date-Modified = {2013-08-25 14:35:41 +0000},
	Pages = {475 -- 476},
	Publisher = {IEEE},
	Title = {{MTSA}: The Modal Transition System Analyser},
	Year = {2008}}

@article{BKLS:TCS:09,
	Author = {N. Bene\v{s} and J. K\v{r}et{\'\i}nsk{\'y} and K. G. Larsen and J. Srba},
	Date-Added = {2013-08-25 14:35:41 +0000},
	Date-Modified = {2013-08-25 14:35:41 +0000},
	Journal = {Theoretical Computer Science},
	Number = {41},
	Pages = {4026 -- 4043},
	Publisher = {Elsevier},
	Title = {On Determinism in Modal Transition Systems},
	Volume = {410},
	Year = {2009}}

@inproceedings{LarsenNW07,
	Author = {K. G. Larsen and U. Nyman and A. Wasowski},
	Booktitle = {Proc. of {CONCUR}'07},
	Date-Added = {2013-08-25 14:35:41 +0000},
	Date-Modified = {2013-08-25 14:35:41 +0000},
	Pages = {105 -- 119},
	Publisher = {Springer},
	Series = {LNCS},
	Title = {On Modal Refinement and Consistency},
	Volume = {4703},
	Year = {2007}}

@techreport{huth,
	Author = {A. Hussain and M. Huth},
	Date-Added = {2013-08-25 14:35:41 +0000},
	Date-Modified = {2013-08-25 14:35:41 +0000},
	Note = {Department of Computer Science, University of Cyprus, TR-2004-6},
	Title = {{On model checking multiple hybrid views}},
	Year = {2004}}

@inproceedings{Thomas1993TAPSOFT,
	Author = {W. Thomas},
	Booktitle = {Proceedings of the 4th International Joint Conference {CAAP}/{FASE}, Theory and Practice of Software Development (TAPSOFT'93)},
	Date-Added = {2013-08-25 14:35:41 +0000},
	Date-Modified = {2013-08-25 14:35:41 +0000},
	Pages = {559 -- 568},
	Publisher = {Springer-Verlag},
	Series = {{LNCS}},
	Title = {On the {E}hrenfeucht-{F}ra{\"\i}ss{\'e} Game in Theoretical Computer Science (Extended Abstract)},
	Volume = {668},
	Year = {1993}}

@article{HRS76,
	Author = {H. B. Hunt and D. J. Rosenkrantz and T. G. Szymanski},
	Date-Added = {2013-08-25 14:35:41 +0000},
	Date-Modified = {2013-08-25 14:35:41 +0000},
	Journal = {J. of Comp. and Syst. Sc.},
	Pages = {222 -- 268},
	Title = {On the equivalence, containment, and covering problems for the regular and context-free languages},
	Volume = 12,
	Year = 1976}

@inproceedings{DBLP:conf/popl/PnueliR89,
	Author = {A. Pnueli and R. Rosner},
	Bibsource = {DBLP, http://dblp.uni-trier.de},
	Booktitle = {POPL},
	Date-Added = {2013-08-25 14:35:41 +0000},
	Date-Modified = {2013-08-25 14:35:41 +0000},
	Doi = {10.1145/75277.75293},
	Ee = {http://doi.acm.org/10.1145/75277.75293},
	Pages = {179 -- 190},
	Title = {On the Synthesis of a Reactive Module},
	Year = {1989},
	Bdsk-Url-1 = {http://dx.doi.org/10.1145/75277.75293}}

@inproceedings{DBLP:conf/icalp/PnueliR89,
	Author = {A. Pnueli and R. Rosner},
	Booktitle = {ICALP},
	Date-Added = {2013-08-25 14:35:41 +0000},
	Date-Modified = {2013-08-25 14:35:41 +0000},
	Pages = {652 -- 671},
	Publisher = {Springer},
	Series = {LNSC},
	Title = {On the Synthesis of an Asynchronous Reactive Module},
	Volume = {372},
	Year = {1989}}

@techreport{pmts-techrep,
	Author = {Nikola Bene{\v{s}} and Jan K{\v{r}}et{\'\i}nsk{\'y} and Kim G. Larsen and Mikael H.~M{\o}ller and Ji\v{r}\'{\i} Srba},
	Date-Added = {2013-08-25 14:35:41 +0000},
	Date-Modified = {2013-09-04 20:56:53 +0000},
	Institution = {Faculty of Informatics, Masaryk University, Brno},
	Number = {FIMU-RS-2011-03},
	Title = {Parametric Modal Transition Systems},
	Type = {Technical report},
	Year = {2011}}

@proceedings{DBLP:conf/lics/LICS5,
	Bibsource = {DBLP, http://dblp.uni-trier.de},
	Booktitle = {LICS},
	Date-Added = {2013-08-25 14:35:41 +0000},
	Date-Modified = {2013-08-25 14:35:41 +0000},
	Publisher = {IEEE Computer Society},
	Title = {Proceedings, Fifth Annual IEEE Symposium on Logic in Computer Science, 4-7 June 1990, Philadelphia, Pennsylvania, USA},
	Year = {1990}}

@proceedings{DBLP:conf/lics/LICS3,
	Bibsource = {DBLP, http://dblp.uni-trier.de},
	Booktitle = {LICS},
	Date-Added = {2013-08-25 14:35:41 +0000},
	Date-Modified = {2013-08-25 14:35:41 +0000},
	Publisher = {IEEE Computer Society},
	Title = {Proceedings, Third Annual Symposium on Logic in Computer Science, 5-8 July 1988, Edinburgh, Scotland, UK},
	Year = {1988}}

@inproceedings{BPR-lata09,
	Author = {N. Bertrand and S. Pinchinat and J.-B. Raclet},
	Booktitle = {{P}roc. of {LATA}'09},
	Date-Added = {2013-08-25 14:35:41 +0000},
	Date-Modified = {2013-08-25 14:35:41 +0000},
	Pages = {152 -- 163},
	Publisher = {Springer},
	Series = {LNCS},
	Title = {Refinement and Consistency of Timed Modal Specifications},
	Volume = {5457},
	Year = {2009}}

@inproceedings{Raclet2007b,
	Author = {J.-B. Raclet},
	Booktitle = {Proc. of the 4th International Workshop on Formal Aspects of Component Software},
	Date-Added = {2013-08-25 14:35:41 +0000},
	Date-Modified = {2013-08-25 14:35:41 +0000},
	Title = {Residual for Component Specifications},
	Year = {2007}}

@proceedings{DBLP:conf/memics/2010,
	Bibsource = {DBLP, http://dblp.uni-trier.de},
	Booktitle = {MEMICS},
	Date-Added = {2013-08-25 14:35:41 +0000},
	Date-Modified = {2013-08-25 14:35:41 +0000},
	Editor = {Ludek Matyska and Michal Kozubek and Tom{\'a}s Vojnar and Pavel Zemc{\'\i}k and David Antos},
	Isbn = {978-3-939897-22-4},
	Publisher = {Schloss Dagstuhl - Leibniz-Zentrum fuer Informatik, Germany},
	Series = {OASICS},
	Title = {Sixth Doctoral Workshop on Mathematical and Engineering Methods in Computer Science, MEMICS 2010, Selected Papers, October 22-24, 2010, Mikulov, Czech Republic},
	Volume = {16},
	Year = {2011}}

@inproceedings{SELTL:chaki2004seb,
	Author = {S. Chaki and E. M. Clarke and J. Ouaknine and N. Sharygina and N. Sinha},
	Booktitle = {Proceedings of IFM'04},
	Date-Added = {2013-08-25 14:35:41 +0000},
	Date-Modified = {2013-08-25 14:35:41 +0000},
	Isbn = {3-540-21377-5},
	Location = {Canterbury, UK},
	Opteditor = {Eerke A. Boiten and John Derrick and Graeme Smith},
	Pages = {128 -- 147},
	Publisher = {Springer-Verlag},
	Series = {LNCS},
	Title = {State/Event-Based Software Model Checking},
	Volume = {2999},
	Year = {2004}}

@article{DBLP:journals/tse/UchitelBC09,
	Author = {S. Uchitel and G. Brunet and M. Chechik},
	Bibsource = {DBLP, http://dblp.uni-trier.de},
	Date-Added = {2013-08-25 14:35:41 +0000},
	Date-Modified = {2013-08-25 14:35:41 +0000},
	Doi = {10.1109/TSE.2008.107},
	Ee = {http://dx.doi.org/10.1109/TSE.2008.107},
	Journal = {IEEE Trans. Software Eng.},
	Number = {3},
	Pages = {384 -- 406},
	Title = {Synthesis of Partial Behavior Models from Properties and Scenarios},
	Volume = {35},
	Year = {2009},
	Bdsk-Url-1 = {http://dx.doi.org/10.1109/TSE.2008.107}}

@article{DBLP:journals/computer/HenzingerS07,
	Author = {T. A. Henzinger and J. Sifakis},
	Bibsource = {DBLP, http://dblp.uni-trier.de},
	Date-Added = {2013-08-25 14:35:41 +0000},
	Date-Modified = {2013-08-25 14:35:41 +0000},
	Doi = {10.1109/MC.2007.364},
	Ee = {http://doi.ieeecomputersociety.org/10.1109/MC.2007.364},
	Journal = {IEEE Computer},
	Number = {10},
	Pages = {32 -- 40},
	Title = {The Discipline of Embedded Systems Design},
	Volume = {40},
	Year = {2007},
	Bdsk-Url-1 = {http://dx.doi.org/10.1109/MC.2007.364}}

@inproceedings{HS:FM:06,
	Author = {T. A. Henzinger and J. Sifakis},
	Booktitle = {Proceedings of the 14th International Symposium on Formal Methods ({FM}'06)},
	Date-Added = {2013-08-25 14:35:41 +0000},
	Date-Modified = {2013-08-25 14:35:41 +0000},
	Pages = {1 -- 15},
	Publisher = {Springer-Verlag},
	Series = {LNCS},
	Title = {The Embedded Systems Design Challenge},
	Volume = {4085},
	Year = {2006}}

@inproceedings{DBLP:conf/focs/Pnueli77,
	Author = {A. Pnueli},
	Bibsource = {DBLP, http://dblp.uni-trier.de},
	Booktitle = {FOCS},
	Crossref = {DBLP:conf/focs/FOCS18},
	Date-Added = {2013-08-25 14:35:41 +0000},
	Date-Modified = {2013-08-25 14:35:41 +0000},
	Pages = {46 -- 57},
	Title = {The Temporal Logic of Programs},
	Year = {1977}}

@inproceedings{DBLP:conf/ershov/HuttelL89,
	Author = {H. H{\"u}ttel and K. G. Larsen},
	Bibsource = {DBLP, http://dblp.uni-trier.de},
	Booktitle = {Logic at Botik},
	Crossref = {DBLP:conf/ershov/1989},
	Date-Added = {2013-08-25 14:35:41 +0000},
	Date-Modified = {2013-08-25 14:35:41 +0000},
	Pages = {163 -- 180},
	Title = {The Use of Static Constructs in A Modal Process Logic},
	Year = {1989}}

@article{paige87three,
	Author = {R. Paige and R. Tarjan},
	Date-Added = {2013-08-25 14:35:41 +0000},
	Date-Modified = {2013-08-25 14:35:41 +0000},
	Journal = {SIAM Journal of Computing},
	Number = {6},
	Pages = {973 -- 989},
	Title = {Three Partition Refinement Algorithms},
	Volume = {16},
	Year = {1987}}

@proceedings{DBLP:conf/vmcai/2009,
	Bibsource = {DBLP, http://dblp.uni-trier.de},
	Booktitle = {VMCAI},
	Date-Added = {2013-08-25 14:35:41 +0000},
	Date-Modified = {2013-08-25 14:35:41 +0000},
	Doi = {10.1007/978-3-540-93900-9},
	Editor = {Neil D. Jones and Markus M{\"u}ller-Olm},
	Ee = {http://dx.doi.org/10.1007/978-3-540-93900-9},
	Isbn = {978-3-540-93899-6},
	Publisher = {Springer},
	Series = {Lecture Notes in Computer Science},
	Title = {Verification, Model Checking, and Abstract Interpretation, 10th International Conference, VMCAI 2009, Savannah, GA, USA, January 18-20, 2009. Proceedings},
	Volume = {5403},
	Year = {2009},
	Bdsk-Url-1 = {http://dx.doi.org/10.1007/978-3-540-93900-9}}

@inproceedings{RBBCP:ACSD:09,
	Author = {J.-B. Raclet and E. Badouel and A. Benveniste and B. Caillaud and R. Passerone},
	Bibsource = {DBLP, http://dblp.uni-trier.de},
	Booktitle = {ACSD},
	Crossref = {DBLP:conf/acsd/2009},
	Date-Added = {2013-08-25 14:35:41 +0000},
	Date-Modified = {2013-08-25 14:35:41 +0000},
	Doi = {10.1109/ACSD.2009.22},
	Ee = {http://doi.ieeecomputersociety.org/10.1109/ACSD.2009.22},
	Pages = {119 -- 127},
	Title = {Why Are Modalities Good for Interface Theories?},
	Year = {2009},
	Bdsk-Url-1 = {http://dx.doi.org/10.1109/ACSD.2009.22}}

@article{Keller1976,
	Acmid = {360251},
	Address = {New York, NY, USA},
	Author = {Keller, Robert M.},
	Commenturl = {http://doi.acm.org/10.1145/360248.360251},
	Doi = {10.1145/360248.360251},
	Issn = {0001-0782},
	Issue_Date = {July 1976},
	Journal = {Commun. ACM},
	Keywords = {Petri nets, assertions, correctness, deadlock, mutual exclusion, parallel program, verification},
	Month = jul,
	Number = {7},
	Numpages = {14},
	Pages = {371 -- 384},
	Publisher = {ACM},
	Title = {Formal Verification of Parallel Programs},
	Volume = {19},
	Year = {1976},
	Bdsk-Url-1 = {http://dx.doi.org/10.1145/360248.360251}}

@incollection{CE1982,
	Author = {Clarke, Edmund M. and Emerson, E. Allen},
	Booktitle = {Logics of Programs},
	Doi = {10.1007/BFb0025774},
	Editor = {Kozen, Dexter},
	Isbn = {978-3-540-11212-9},
	Pages = {52 -- 71},
	Publisher = {Springer Berlin Heidelberg},
	Series = {Lecture Notes in Computer Science},
	Title = {Design and synthesis of synchronization skeletons using branching time temporal logic},
	Volume = {131},
	Year = {1982},
	Bdsk-Url-1 = {http://dx.doi.org/10.1007/BFb0025774}}

@incollection{EC1980,
	Author = {Emerson, E. Allen and Clarke, Edmund M.},
	Booktitle = {Automata, Languages and Programming},
	Doi = {10.1007/3-540-10003-2_69},
	Editor = {Bakker, Jaco and Leeuwen, Jan},
	Isbn = {978-3-540-10003-4},
	Pages = {169 -- 181},
	Publisher = {Springer Berlin Heidelberg},
	Series = {Lecture Notes in Computer Science},
	Title = {Characterizing correctness properties of parallel programs using fixpoints},
	Volume = {85},
	Year = {1980},
	Bdsk-Url-1 = {http://dx.doi.org/10.1007/3-540-10003-2_69}}

@incollection{QS1982,
	Author = {Queille, J. P. and Sifakis, J.},
	Booktitle = {International Symposium on Programming},
	Doi = {10.1007/3-540-11494-7_22},
	Editor = {Dezani-Ciancaglini, Mariangiola and Montanari, Ugo},
	Isbn = {978-3-540-11494-9},
	Pages = {337 -- 351},
	Publisher = {Springer Berlin Heidelberg},
	Series = {Lecture Notes in Computer Science},
	Title = {Specification and verification of concurrent systems in CESAR},
	Volume = {137},
	Year = {1982},
	Bdsk-Url-1 = {http://dx.doi.org/10.1007/3-540-11494-7_22}}

@inproceedings{DBLP:conf/lics/LarsenT88,
	Author = {Larsen, Kim G. and Thomsen, Bent},
	Bibsource = {DBLP, http://dblp.uni-trier.de},
	Booktitle = {Proceedings, Third Annual Symposium on Logic in Computer Science, 5-8 July 1988, Edinburgh, Scotland, UK},
	Pages = {203 -- 210},
	Publisher = {IEEE Computer Society},
	Title = {A Modal Process Logic},
	Year = {1988}}

@incollection{BCK2011,
	Author = {Bene\v{s}, Nikola and {\v{C}}er\'a, Ivana and K\v{r}et{\'\i}nsk{\'y}, Jan},
	Booktitle = {Automated Technology for Verification and Analysis},
	Doi = {10.1007/978-3-642-24372-1_17},
	Editor = {Bultan, Tevfik and Hsiung, Pao-Ann},
	Isbn = {978-3-642-24371-4},
	Pages = {228 -- 242},
	Publisher = {Springer Berlin Heidelberg},
	Series = {Lecture Notes in Computer Science},
	Title = {Modal Transition Systems: Composition and LTL Model Checking},
	Volume = {6996},
	Year = {2011},
	Bdsk-Url-1 = {http://dx.doi.org/10.1007/978-3-642-24372-1_17}}

@article{AHLNW:EATCS:08,
	Author = {Antonik, Adam and Huth, Michael and Larsen, Kim G. and Nyman, Ulrik and Wasowski, Andrzej},
	Journal = {Bulletin of the EATCS no. 95},
	Pages = {94 -- 129},
	Publisher = {EATCS},
	Title = {20 Years of Modal and Mixed Specifications},
	Year = {2008}}

@inproceedings{DBLP:conf/lics/LarsenX90,
	Author = {Larsen, Kim G. and Xinxin, Liu},
	Bibsource = {DBLP, http://dblp.uni-trier.de},
	Booktitle = {Proceedings, Fifth Annual IEEE Symposium on Logic in Computer Science, 4-7 June 1990, Philadelphia, Pennsylvania, USA},
	Pages = {108 -- 117},
	Publisher = {IEEE Computer Society},
	Title = {Equation Solving Using Modal Transition Systems},
	Year = {1990}}

@article{FS:JLAP:08,
	Author = {Fecher, Heiko and Schmidt, Herald},
	Journal = {J. of Logic and Alg. Program.},
	Number = {1-2},
	Pages = {20 -- 39},
	Publisher = {Elsevier},
	Title = {Comparing Disjunctive Modal Transition Systems with an One-Selecting Variant},
	Volume = {77},
	Year = {2008}}

@inproceedings{benes_et_al:OASIcs:2011:3070,
	Address = {Dagstuhl, Germany},
	Annote = {Keywords: modal transition systems, process algebra, specification},
	Author = {Bene\v{s}, Nicola and K\v{r}et{\'\i}nsk{\'y}, Jan},
	Booktitle = {Sixth Doctoral Workshop on Mathematical and Engineering Methods in Computer Science (MEMICS'10) -- Selected Papers},
	Doi = {10.4230/OASIcs.MEMICS.2010.9},
	Editor = {Ludek Matyska and Michal Kozubek and Tom{\'a}{\v{s}} Vojnar and Pavel Zemc{\'\i}k and David Antos},
	Isbn = {978-3-939897-22-4},
	Issn = {2190-6807},
	Pages = {9 -- 18},
	Publisher = {Schloss Dagstuhl -- Leibniz-Zentrum fuer Informatik},
	Series = {OpenAccess Series in Informatics (OASIcs)},
	Title = {{Process Algebra for Modal Transition Systemses}},
	Url = {http://drops.dagstuhl.de/opus/volltexte/2011/3070},
	Urn = {urn:nbn:de:0030-drops-30701},
	Volume = {16},
	Year = {2011},
	Bdsk-Url-1 = {http://drops.dagstuhl.de/opus/volltexte/2011/3070},
	Bdsk-Url-2 = {http://dx.doi.org/10.4230/OASIcs.MEMICS.2010.9}}

@book{2001:SPL:501065,
	Address = {Boston, MA, USA},
	Author = {Clements, Paul C. and Northrop, Linda},
	Isbn = {0-201-70332-7},
	Publisher = {Addison-Wesley Longman Publishing Co., Inc.},
	Title = {Software product lines: practices and patterns},
	Year = {2001}}

@inproceedings{Classen2010,
	Author = {Andreas Classen and Patrick Heymans and Pierre-Yves Schobbens and Axel Legay and Jean-Fran\c{c}ois Raskin},
	Booktitle = {32nd International Conference on Software Engineering, ICSE 2010, May 2-8, 2010, Cape Town, South Africa, Proceedings},
	Pages = {335 -- 344},
	Publisher = {ACM},
	Title = {Model Checking Lots of Systems: Efficient Verification of Temporal Properties in Software Product Lines},
	Year = {2010}}

@inproceedings{DBLP:conf/caap/Larsen88,
	Author = {Kim G. Larsen},
	Bibsource = {DBLP, http://dblp.uni-trier.de},
	Booktitle = {CAAP},
	Doi = {10.1007/BFb0026106},
	Pages = {215 -- 230},
	Title = {Proof System for Hennessy-Milner Logic with Recursion},
	Year = {1988},
	Bdsk-Url-1 = {http://dx.doi.org/10.1007/BFb0026106}}

@incollection{DBLP:books/ws/phaunRS01/BurkartE01,
	Author = {Olaf Burkart and Javier Esparza},
	Bibsource = {DBLP, http://dblp.uni-trier.de},
	Booktitle = {Current Trends in Theoretical Computer Science},
	Pages = {480 -- 503},
	Title = {More Infinite Results},
	Year = {2001}}

@inproceedings{Moller:1996:IR:646731.703702,
	Acmid = {703702},
	Address = {London, UK, UK},
	Author = {Moller, Faron},
	Booktitle = {Proceedings of the 7th International Conference on Concurrency Theory},
	Isbn = {3-540-61604-7},
	Numpages = {22},
	Pages = {195 -- 216},
	Publisher = {Springer-Verlag},
	Series = {CONCUR '96},
	Title = {Infinite Results},
	Url = {http://dl.acm.org/citation.cfm?id=646731.703702},
	Year = {1996},
	Bdsk-Url-1 = {http://dl.acm.org/citation.cfm?id=646731.703702}}

@techreport{Plotkin81,
	Address = {Aarhus, Denmark},
	Author = {Gordon D. Plotkin},
	Institution = {Computer Science Department, Aarhus University},
	Number = {DAIMI FN-19},
	Title = {A Structural Approach to Operational Semantics},
	Type = {Technical Report},
	Year = {1981}}

@article{Brand:1983:CFM:322374.322380,
	Acmid = {322380},
	Address = {New York, NY, USA},
	Author = {Brand, Daniel and Zafiropulo, Pitro},
	Doi = {10.1145/322374.322380},
	Issn = {0004-5411},
	Issue_Date = {April 1983},
	Journal = {J. ACM},
	Month = apr,
	Number = {2},
	Numpages = {20},
	Orgurl = {http://doi.acm.org/10.1145/322374.322380},
	Pages = {323 -- 342},
	Publisher = {ACM},
	Title = {On Communicating Finite-State Machines},
	Volume = {30},
	Year = {1983},
	Bdsk-Url-1 = {http://dx.doi.org/10.1145/322374.322380}}

@article{Cece:2005:VPH:1124524.1709549,
	Acmid = {1709549},
	Address = {Duluth, MN, USA},
	Author = {C{\'e}c{\'e}, G{\'e}rard and Finkel, Alain},
	Doi = {10.1016/j.ic.2005.05.006},
	Issn = {0890-5401},
	Issue_Date = {1 November, 2005},
	Journal = {Inf. Comput.},
	Keywords = {CTL model-checking, Channel-recognizable reachability sets, Communicating finite state machines, Decidability, Half-duplex communication, PLTL model-checking, Regular model checking, Symbolic verification},
	Month = nov,
	Number = {2},
	Numpages = {25},
	Pages = {166 -- 190},
	Publisher = {Academic Press, Inc.},
	Title = {Verification of programs with half-duplex communication},
	Volume = {202},
	Year = {2005},
	Bdsk-Url-1 = {http://dx.doi.org/10.1016/j.ic.2005.05.006}}

@incollection{hennicker2010,
	Author = {Hennicker, Rolf and Janisch, Stephan and Knapp, Alexander},
	Booktitle = {Foundations of Computer Software. Future Trends and Techniques for Development},
	Doi = {10.1007/978-3-642-12566-9_9},
	Editor = {Choppy, Christine and Sokolsky, Oleg},
	Isbn = {978-3-642-12565-2},
	Orgurl = {http://dx.doi.org/10.1007/978-3-642-12566-9_9},
	Pages = {154 -- 180},
	Publisher = {Springer Berlin Heidelberg},
	Series = {Lecture Notes in Computer Science},
	Title = {Refinement of Components in Connection-Safe Assemblies with Synchronous and Asynchronous Communication},
	Volume = {6028},
	Year = {2010},
	Bdsk-Url-1 = {http://dx.doi.org/10.1007/978-3-642-12566-9_9}}

@article{Schnoebelen2002251,
	Author = {Ph. Schnoebelen},
	Doi = {10.1016/S0020-0190(01)00337-4},
	Issn = {0020-0190},
	Journal = {Information Processing Letters},
	Keywords = {Formal methods},
	Number = {5},
	Olume = {83},
	Pages = {251 -- 261},
	Title = {Verifying lossy channel systems has nonprimitive recursive complexity},
	Url = {http://www.sciencedirect.com/science/article/pii/S0020019001003374},
	Year = {2002},
	Bdsk-Url-1 = {http://www.sciencedirect.com/science/article/pii/S0020019001003374},
	Bdsk-Url-2 = {http://dx.doi.org/10.1016/S0020-0190(01)00337-4}}

@article{Abdulla199691,
	Author = {Parosh Aziz Abdulla and Bengt Jonsson},
	Doi = {10.1006/inco.1996.0053},
	Issn = {0890-5401},
	Journal = {Information and Computation},
	Number = {2},
	Pages = {91 -- 101},
	Title = {Verifying Programs with Unreliable Channels},
	Url = {http://www.sciencedirect.com/science/article/pii/S089054019690053X},
	Volume = {127},
	Year = {1996},
	Bdsk-Url-1 = {http://www.sciencedirect.com/science/article/pii/S089054019690053X},
	Bdsk-Url-2 = {http://dx.doi.org/10.1006/inco.1996.0053}}

@incollection{alfaroHenzinger2005,
	Author = {Alfaro, Luca de and Henzinger, Thomas A.},
	Booktitle = {Engineering Theories of Software Intensive Systems},
	Doi = {10.1007/1-4020-3532-2_3},
	Editor = {Broy, Manfred and Gr{\"u}nbauer, Johannes and Harel, David and Hoare, Tony},
	Isbn = {978-1-4020-3530-2},
	Keywords = {Software engineering; formal methods; component-based design},
	Orgurl = {http://dx.doi.org/10.1007/1-4020-3532-2_3},
	Pages = {83 -- 104},
	Publisher = {Springer Netherlands},
	Series = {NATO Science Series},
	Title = {Interface-Based Design},
	Volume = {195},
	Year = {2005},
	Bdsk-Url-1 = {http://dx.doi.org/10.1007/1-4020-3532-2_3}}

@article{DBLP:journals/eatcs/EsparzaN94,
	Author = {Javier Esparza and Mogens Nielsen},
	Bibsource = {DBLP, http://dblp.uni-trier.de},
	Journal = {Bulletin of the EATCS},
	Pages = {244 -- 262},
	Title = {Decidability Issues for Petri Nets - a survey},
	Volume = {52},
	Year = {1994}}

@phdthesis{phd-petri,
	Author = {Petri, Carl Adam},
	School = {Darmstadt University of Technology, Germany},
	Title = {Kommunikation mit Automaten},
	Year = {1962}}

@incollection{kwolfnlohmann2007,
	Author = {Lohmann, Niels and Massuthe, Peter and Wolf, Karsten},
	Booktitle = {Petri Nets and Other Models of Concurrency -- ICATPN 2007},
	Doi = {10.1007/978-3-540-73094-1_20},
	Editor = {Kleijn, Jetty and Yakovlev, Alex},
	Isbn = {978-3-540-73093-4},
	Orgurl = {http://dx.doi.org/10.1007/978-3-540-73094-1_20},
	Pages = {321 -- 341},
	Publisher = {Springer Berlin Heidelberg},
	Series = {Lecture Notes in Computer Science},
	Title = {Operating Guidelines for Finite-State Services},
	Volume = {4546},
	Year = {2007},
	Bdsk-Url-1 = {http://dx.doi.org/10.1007/978-3-540-73094-1_20}}

@incollection{openPN,
	Author = {Baldan, P. and Corradini, A. and Ehrig, H. and Heckel, R.},
	Booktitle = {CONCUR 2001 -- Concurrency Theory},
	Doi = {10.1007/3-540-44685-0_34},
	Editor = {Larsen, KimG. and Nielsen, Mogens},
	Isbn = {978-3-540-42497-0},
	Language = {English},
	Orgurl = {http://dx.doi.org/10.1007/3-540-44685-0_34},
	Pages = {502 -- 518},
	Publisher = {Springer Berlin Heidelberg},
	Series = {Lecture Notes in Computer Science},
	Title = {Compositional Modeling of Reactive Systems Using Open Nets},
	Volume = {2154},
	Year = {2001},
	Bdsk-Url-1 = {http://dx.doi.org/10.1007/3-540-44685-0_34}}

@book{papadimitriou1994cc,
	Address = {Reading, MA, USA},
	Author = {C. H. Papadimitriou},
	Publisher = {Addison-Wesley Publishing Co., Inc.},
	Title = {{Computational complexity}},
	Year = {1994}}

@proceedings{DBLP:conf/fmoods/2008,
	Bibsource = {DBLP, http://dblp.uni-trier.de},
	Booktitle = {FMOODS},
	Date-Added = {2013-08-25 14:35:41 +0000},
	Date-Modified = {2013-08-25 14:35:41 +0000},
	Editor = {Gilles Barthe and Frank S. de Boer},
	Isbn = {978-3-540-68862-4},
	Publisher = {Springer},
	Series = {Lecture Notes in Computer Science},
	Title = {Formal Methods for Open Object-Based Distributed Systems, 10th IFIP WG 6.1 International Conference, FMOODS 2008, Oslo, Norway, June 4-6, 2008, Proceedings},
	Volume = {5051},
	Year = {2008}}

@proceedings{DBLP:conf/focs/FOCS18,
	Bibsource = {DBLP, http://dblp.uni-trier.de},
	Booktitle = {FOCS},
	Date-Added = {2013-08-25 14:35:41 +0000},
	Date-Modified = {2013-08-25 14:35:41 +0000},
	Publisher = {IEEE},
	Title = {18th Annual Symposium on Foundations of Computer Science, 31 October-2 November, Providence, Rhode Island, USA},
	Year = {1977}}

@proceedings{DBLP:conf/ershov/1989,
	Bibsource = {DBLP, http://dblp.uni-trier.de},
	Booktitle = {Logic at Botik},
	Date-Added = {2013-08-25 14:35:41 +0000},
	Date-Modified = {2013-08-25 14:35:41 +0000},
	Editor = {A. R. Meyer and M. A. Taitslin},
	Isbn = {3-540-51237-3},
	Publisher = {Springer},
	Series = {Lecture Notes in Computer Science},
	Title = {Logic at Botik '89, Symposium on Logical Foundations of Computer Science, Pereslav-Zalessky, USSR, July 3-8, 1989, Proceedings},
	Volume = {363},
	Year = {1989}}

@proceedings{DBLP:conf/acsd/2009,
	Bibsource = {DBLP, http://dblp.uni-trier.de},
	Booktitle = {ACSD},
	Date-Added = {2013-08-25 14:35:41 +0000},
	Date-Modified = {2013-08-25 14:35:41 +0000},
	Publisher = {IEEE},
	Title = {Ninth International Conference on Application of Concurrency to System Design, ACSD 2009, Augsburg, Germany, 1-3 July 2009},
	Year = {2009}}
